@inproceedings{Bana:2014:CCS:2660267.2660276,
 author = {Bana, G. and Comon-Lundh, H.},
 title = {A Computationally Complete Symbolic Attacker for Equivalence Properties},
 booktitle = {2014 ACM Conference on Computer and Communications Security, CCS '14},
 year = {2014},
 isbn = {978-1-4503-2957-6},
 location = {},
 pages = {609--620},
 acmid = {2660276},
 publisher = {ACM}
}


@inproceedings{DBLP:conf/eurosp/Koutsos19,
  author    = {Adrien Koutsos},
  title     = {The 5G-AKA Authentication Protocol Privacy},
  booktitle = {EuroS{\&}P},
  pages     = {464--479},
  publisher = {{IEEE}},
  year      = {2019}
}

