@inproceedings{bdjkm21sp,
  TITLE = {{An Interactive Prover for Protocol Verification in the Computational Model}},
  AUTHOR = {Baelde, David and Delaune, St{\'e}phanie and Jacomme, Charlie and Koutsos, Adrien and Moreau, Sol{\`e}ne},
  URL = {https://hal.science/hal-03172119},
  BOOKTITLE = {{SP 2021 - 42nd IEEE Symposium on Security and Privacy}},
  ADDRESS = {San Fransisco / Virtual, United States},
  SERIES = {Proceedings of the 42nd IEEE Symposium on Security and Privacy (S\&P'21)},
  YEAR = {2021},
  MONTH = May,
  KEYWORDS = {Security Protocols ; Formal Methods ; Observational Equivalence ; Computational Security ; Interactive Theorem Prover},
  PDF = {https://hal.science/hal-03172119/file/longversion.pdf},
  HAL_ID = {hal-03172119},
  HAL_VERSION = {v1},
}

@inproceedings{bdkm22csf,
  TITLE = {{Cracking the Stateful Nut}},
  AUTHOR = {Baelde, David and Delaune, St{\'e}phanie and Koutsos, Adrien and Moreau, Sol{\`e}ne},
  URL = {https://hal.science/hal-03500056},
  TYPE = {Research Report},
  BOOKTITLE = {{CSF 2022 - 35th IEEE Computer Security Foundations Symposium}},
  ADDRESS = {Haifa, Israel},
  INSTITUTION = {{IRISA}},
  YEAR = {2022},
  MONTH = Aug,
  KEYWORDS = {Security Protocols ; Formal Methods ; Logic ; Computational Security ; Interactive Theorem Proving},
  PDF = {https://hal.science/hal-03500056/file/main.pdf},
  HAL_ID = {hal-03500056},
  HAL_VERSION = {v1},
}

@inproceedings{cfj22sp,
  TITLE = {{A Logic and an Interactive Prover for the Computational Post-Quantum Security of Protocols}},
  AUTHOR = {Cremers, Cas and Fontaine, Caroline and Jacomme, Charlie},
  URL = {https://hal.inria.fr/hal-03620358},
  BOOKTITLE = {{S\&P 2022 - 43rd IEEE Symposium on Security and Privacy}},
  ADDRESS = {San Francisco / Virtual, United States},
  YEAR = {2022},
  MONTH = May,
  PDF = {https://hal.inria.fr/hal-03620358v3/file/pqbc-eprint.pdf},
  HAL_ID = {hal-03620358},
  HAL_VERSION = {v3},
}

@unpublished{bkl23hal,
  TITLE = {{A Higher-Order Indistinguishability Logic for Cryptographic Reasoning}},
  AUTHOR = {Baelde, David and Koutsos, Adrien and Lallemand, Joseph},
  URL = {https://hal.inria.fr/hal-03981949},
  NOTE = {working paper or preprint},
  YEAR = {2023},
  KEYWORDS = {Logic and verification ; Security protocol analysis ; Computational indistinguishability},
  PDF = {https://hal.inria.fr/hal-03981949/file/main%20%281%29.pdf},
  HAL_ID = {hal-03981949},
  HAL_VERSION = {v1},
}

@inproceedings{bellare2001key,
  title={Key-privacy in public-key encryption},
  author={Bellare, Mihir and Boldyreva, Alexandra and Desai, Anand and Pointcheval, David},
  booktitle={International Conference on the Theory and Application of Cryptology and Information Security},
  pages={566--582},
  year={2001},
  organization={Springer}
}